@ARTICLE{WeizheMaterials2017,
    author = {Weizhe Edward Liu and Ewelina M. Hankiewicz and Dimitrie Culcer},
    title = {Weak Localization and Antilocalization in Topological Materials with Impurity Spin-Orbit Interactions},
    journal = {Materials},
    year = {2017},
    volume = {10},
    pages = {7},
    month = {jun}
}

@ARTICLE{AvsarNatCommun2014,
    author = {A. Avsar and J. Y. Tan and T. Taychatanapat and J. Balakrishnan and G. K. W. Koon and Y. Yeo and J. Lahiri and A. Carvalho and A. S. Rodin and E. C. T. O'Farrell and G. Eda and A. H. Castro Neto and B. Özyilmaz},
    title = {Spin–orbit proximity effect in graphene},
    journal = {Nat. Commun.},
    year = {2014},
    volume = {5},
    pages = {4875}
}

@ARTICLE{WangPhysRevX2016,
    author = {Zhe Wang and Dong-Keun Ki and Jun Yong Khoo and Diego Mauro and Helmuth Berger and Leonid S. Levitov and Alberto F. Morpurgo},
    title = {Origin and Magnitude of 'Designer' Spin-Orbit Interaction in Graphene on Semiconducting Transition Metal Dichalcogenides},
    journal = {Phys. Rev. X},
    year = {2016},
    volume = {6},
    pages = {041020}
}

@ARTICLE{LiuNano2023,
    author = {Liu, Hui and Wang, Heng and Peng, Zhisheng and Jin, Jiyou and Wang, Zhongpu and Peng, Kang and Wang, Wenxiang and Xu, Yushi and Wang, Yu and Wei, Zheng and Zhang, Ding and Li, Yong Jun and Chu, Weiguo and Sun, Lianfeng},
    title = {An anomalous Hall effect in edge-bonded monolayer graphene},
    journal = {Nanoscale Horiz.},
    year = {2023},
    volume = {8},
    pages = {1235-1242}
}

@ARTICLE{YaoMater2024,
    author = {Yueh-Ting Yao and Su-Yang Xu and Tay-Rong Chang},
    title = {Atomic scale quantum anomalous hall effect in monolayer graphene/MnBi2Te4 heterostructure},
    journal = {Mater. Horiz.},
    year = {2024},
    volume = {11},
    pages = {3420-3426}
}

@ARTICLE{Geimk2007,
    author = "A. K. Geim and K. S. Novoselov",
    title = "The rise of graphene",
    journal = "Nature Mater.",
    year = "2007",
    volume = "6",
    pages = "183",
}

@ARTICLE{RDiago2010,
    author = "R. Cuan and L. Diago-Cisneros",
    title = "Dispersion dependiente del espin de paquetes de ondas de huecos en hilos cuanticos",
    journal = "Rev. Cub. Fís.",
    volume = "27",
    pages = "212",
    year = "2010"
}

@mastersthesis{WongUNAM2005,
    author = {Arturo Wong López},
    title = {Acoplamiento Espín-Órbita en Heteroestructuras Semiconductoras},
    school = {Universidad Nacional Autónoma de México},
    year = {2005},
    type = {Master's thesis}
}

@ARTICLE{MolgadoMex2018,
    author = {A. Molgado and O. Morales and J. A. Vallejo},
    title = {Virtual beams and the Klein paradox for the Klein-Gordon equation},
    journal = {Rev. Mex. Fis. E},
    year = {2018},
    volume = {64},
    pages = {1}
}

@ARTICLE{Carrillo2015,
    author = {A. Carrillo and O. Mendoza},
    title = {Introduccion al Metodo de Diferencias Finitas y su Implementacion Computacional},
    journal = {Geofísica UNAM},
    year = {2015}
}

@ARTICLE{horsell2008,
    author = {D. W. Horsell and F. V. Tikhonenko and R. V. Gorbachev and A. K. Savchenko},
    title = {Weak localization in monolayer and bilayer graphene},
    journal = {Phil. Trans. R. Soc. A},
    year = {2008},
    volume = {366},
    pages = {245-250}
}

@ARTICLE{Young2009,
    author = {Andrea F. Young and Philip Kim},
    title = {Quantum interference and Klein tunnelling in graphene heterojunctions},
    journal = {Nature Phys},
    year = {2009},
    volume = {5},
    pages = {222-226}
}

@ARTICLE{Staelens2021,
    author = {M. Staelens and F. Marsiglio},
    title = {Scattering problems via real-time wave packet scattering},
    journal = {Am. J. Phys.},
    year = {2021},
    volume = {89},
    pages = {693-701}
}

@ARTICLE{Serna2019,
    author = {Eduardo Serna and Isaac Rodríguez Vargas and Rolando Pérez-Álvarez and Leovildo Diago Cisneros},
    title = {Pseudospin-dependent Zitterbewegung in monolayer graphene},
    journal = {J. Appl. Phys.},
    year = {2019},
    volume = {125},
    pages = {203902}
}

@ARTICLE{SoninPhysRevB2009,
    author = {Edouard B Sonin},
    title = {Effect of Klein tunneling on conductance and shot noise in ballistic graphene},
    journal = {Phys. Rev. B.},
    year = {2009},
    volume = {79},
    pages = {19}
}

@ARTICLE{DellAnnaJPhysCondMatt2018,
    author = {Luca Dell'Anna and Parisa Majari and M. R. Setare},
    title = {From Klein to anti-Klein tunneling in graphene tuning the Rashba spin-orbit interaction or the bilayer coupling},
    journal = {J. Phys.: Condens. Matter},
    year = {2018},
    volume = {30},
    pages = {415301}
}

@ARTICLE{TrauzettelNature2007,
    author = {Björn Trauzettel and Denis V. Bulaev and Daniel Loss and Guido Burkard},
    title = {Spin qubits in graphene quantum dots},
    journal = {Nat. Phys.},
    year = {2007},
    volume = {3},
    pages = {192-196}
}

@ARTICLE{BernardiniJPhysAMathTheor2010,
    author = {A. E. Bernardini},
    title = {Relativistic tunneling and accelerated transmission},
    journal = {J. Phys. A.: Math. Theor.},
    year = {2010},
    volume = {43},
    pages = {489801}
}

@ARTICLE{ParedesPhysRevB2021,
    author = {Emmanuel Paredes-Rocha and Yonatan Betancur-Ocampo and Nikodem Szpak and Thomas Stegmann},
    title = {Gradient-index electron optics in graphene p-n junctions},
    journal = {Phys. Rev. B.},
    year = {2021},
    volume = {103},
    pages = {045404}
}

@ARTICLE{AvishaiPhysRevB2021,
    author = {Y. Avishai and Y. B. Band},
    title = {Chiral Bloch states in single-layer graphene with Rashba spin-orbit coupling: Equilibrium spin current},
    journal = {Phys. Rev. B.},
    year = {2021},
    volume = {104},
    pages = {075414}
}

@ARTICLE{ShcherbakovSciAdv2021,
    author = {Dmitry Shcherbakov and Petr Stepanov and et. al.},
    title = {Layer- and gate-tunable spin-orbit coupling in a high-mobility few-layer semiconductor},
    journal = {Sci. Adv.},
    year = {2021},
    volume = {7},
    pages = {5}
}

@ARTICLE{DelkhoshPhysE2015,
    author = {Fatemeh Delkhosh and A. Phirouznia},
    title = {Rashba coupling induced spin susceptibility and magnetic phase transition of conduction electrons in monolayer graphene},
    journal = {Physica E.},
    year = {2015},
    volume = {66},
    pages = {252-256}
}

@ARTICLE{GindikinPhysRevB2025,
    author = {Yasha Gindikin and Alex Kamenev},
    title = {Electron interactions in Rashba materials},
    journal = {Phys. Rev. B},
    year = {2025},
    volume = {111},
    pages = {035104}
}

@ARTICLE{DahalJPhysChemSolids2017,
    author = {Dipendra Dahal and Godfrey Gumbs},
    title = {Effect of energy band gap in graphene on negative refraction through the veselago lens and electron conductance},
    journal = {J. Phys. Chem. Solids},
    year = {2017},
    volume = {100},
    pages = {83-91}
}

@ARTICLE{WuJAP2009,
    author = {Zhenhua Wu and Kai Chang and J. T. Liu and X. J. Li and K. S. Chan},
    title = {The Hartman effect in graphene},
    journal = {J. Appl. Phys.},
    year = {2009},
    volume = {105},
    pages = {043702}
}

@ARTICLE{RCDiagoEPL2015,
    author = {R. Cuan and L. Diago-Cisneros},
    title = {Rashba-coupling modelling for two-dimensional and high-order Rashba Hamiltonian for one-dimensional confined heavy holes},
    journal = {EPL},
    year = {2015},
    volume = {110},
    pages = {67001}
}

@ARTICLE{HuntSci2013,
    author = {B. Hunt and J.D. Sanchez-Yamagishi and A.F. Young and M. Yankowitz and B.J. LeRoy and K. Watanabe and T. Taniguchi and P. Moon and M. Koshino and P. Jarillo-Herrero and R.C. Ashoor},
    title = {Massive Dirac Fermions and Hofstadter Butterfly in a van der Waals Heterostructure},
    journal = {Science},
    year = {2013},
    volume = {340},
    pages = {1427-1430}
}

@ARTICLE{FuhrerSci2013,
    author = {M. S. Fuhrer},
    title = {Critical Mass in Graphene},
    journal = {Science},
    year = {2013},
    volume = {340},
    pages = {1413-1414}
}

@ARTICLE{PallaBullMaterSci2016,
    author = {Penchalaiah Palla and Gopi Raja Uppu and Anita S. Ethiraj and J. P. Raina},
    title = {Bandgap engineered graphene and hexagonal boron nitride for resonant tunnelling diode},
    journal = {Bull. Mater. Sci.},
    year = {2016},
    volume = {39},
    pages = {1441-1451}
}

@ARTICLE{ManchonNatureMater2015,
    author = {Manchon, A. and Koo, H. C. and Nitta, J. and Frolov, S. M. and Duine, R.A.},
    title = {New perspectives for Rashba spin–orbit coupling},
    journal = {Nature Mater.},
    year = {2015},
    volume = {14},
    pages = {871-882}
}

@ARTICLE{MiroshnichenkoRevModPhys2010,
    author = {Andrey E. Miroshnichenko and Sergej Flach and Yuri S. Kivshar},
    title = {Fano resonances in nanoscale structures},
    journal = {Rev. Mod. Phys.},
    year = {2010},
    volume = {82},
    pages = {2257-2298}
}

@article{Elahi2024,
  author    = {Mirza M. Elahi and Hamed Vakili and Yihang Zeng and Cory R. Dean and Avik W. Ghosh},
  title     = {Direct evidence of Klein and anti-Klein tunneling of graphitic electrons in a Corbino geometry},
  journal   = {Phys. Rev. Lett.},
  volume    = {132},
  pages     = {146302},
  year      = {2024},
  doi       = {10.1103/PhysRevLett.132.146302}
}

@article{Du2018,
  author    = {Renjun Du and Ming-Hao Liu and Jens Mohrmann and Fan Wu and Ralph Krupke and Hilbert von L{\"o}hneysen and Klaus Richter and Romain Danneau},
  title     = {Tuning Anti-Klein to Klein Tunneling in Bilayer Graphene},
  journal   = {Phys. Rev. Lett.},
  volume    = {121},
  number    = {12},
  pages     = {127706},
  year      = {2018},
  doi       = {10.1103/PhysRevLett.121.127706}
}

@article{Chen2016,
  author    = {Shaowen Chen and Zheng Han and Mirza M. Elahi and K. M. Masum Habib and Lei Wang and Bo Wen and Yuanda Gao and Takashi Taniguchi and Kenji Watanabe and James Hone and Avik W. Ghosh and Cory R. Dean},
  title     = {Electron optics with p-n junctions in ballistic graphene},
  journal   = {Science},
  volume    = {353},
  number    = {6307},
  pages     = {1522--1525},
  year      = {2016},
  doi       = {10.1126/science.aaf5481}
}

@article{Gutierrez2016,
  author    = {Christopher Guti{\'e}rrez and Lola Brown and Cheol-Joo Kim and Jiwoong Park and Abhay N. Pasupathy},
  title     = {Klein tunnelling and electron trapping in nanometre-scale graphene quantum dots},
  journal   = {Nat. Phys.},
  volume    = {12},
  pages     = {1069--1075},
  year      = {2016},
  doi       = {10.1038/nphys3806}
}

@article{Brun2019,
  author    = {B. Brun and N. Moreau and S. Somanchi and V.-H. Nguyen and K. Watanabe and T. Taniguchi and J.-C. Charlier and C. Stampfer and B. Hackens},
  title     = {Imaging Dirac fermions flow through a circular Veselago lens},
  journal   = {Phys. Rev. B},
  volume    = {100},
  number    = {4},
  pages     = {041401(R)},
  year      = {2019},
  doi       = {10.1103/PhysRevB.100.041401}
}

@article{Tan2017,
  author    = {Yaohua Tan and Mirza M. Elahi and Han-Yu Tsao and K. M. Masum Habib and N. Scott Barker and Avik W. Ghosh},
  title     = {Graphene Klein tunnel transistors for high speed analog RF applications},
  journal   = {Sci. Rep.},
  volume    = {7},
  pages     = {9714},
  year      = {2017},
  doi       = {10.1038/s41598-017-10248-7}
}

@article{Wang2019,
  author    = {Ke Wang and Mirza M. Elahi and Lei Wang and K. M. Masum Habib and Takashi Taniguchi and Kenji Watanabe and James Hone and Avik W. Ghosh and Gil-Ho Lee and Philip Kim},
  title     = {Graphene transistor based on tunable Dirac fermion optics},
  journal   = {Proc. Natl. Acad. Sci. U.S.A.},
  volume    = {116},
  number    = {14},
  pages     = {6575--6579},
  year      = {2019},
  doi       = {10.1073/pnas.1816119116}
}

@article{An2020,
  author    = {Xing-Tao An and Wang Yao},
  title     = {Valley-Selective Klein Tunneling through a Superlattice Barrier in Graphene},
  journal   = {Phys. Rev. Applied},
  volume    = {14},
  number    = {1},
  pages     = {014039},
  year      = {2020},
  doi       = {10.1103/PhysRevApplied.14.014039}
}

@article{Walls2015,
  author    = {Jamie D. Walls and Daniel Hadad},
  title     = {Suppressing Klein tunneling in graphene using a one-dimensional array of localized scatterers},
  journal   = {Sci. Rep.},
  volume    = {5},
  pages     = {8435},
  year      = {2015},
  doi       = {10.1038/srep08435}
}
