@ARTICLE {WeizheMaterials2017,
    author    = {Weizhe Edward Liu and Ewelina M. Hankiewicz and Dimitrie Culcer},
    title     = {Weak Localization and Antilocalization in Topological Materials with Impurity Spin-Orbit Interactions},
    journal   = {Materials},
    year      = {2017},
    volume    = {10},
    pages     = {7},
    month     = {jun}
}

@ARTICLE {AvsarNatCommun2014,
    author = {A. Avsar and J. Y. Tan and T. Taychatanapat and J. Balakrishnan and G. K. W. Koon and Y. Yeo and J. Lahiri and A. Carvalho and A. S. Rodin and E. C. T. O'Farrell and G. Eda and A. H. Castro Neto and B. Özyilmaz},
    title = {Spin–orbit proximity effect in graphene},
    journal = {Nat. Commun.},
    year = {2014},
    volume = {5},
    pages = {4875}
}

@ARTICLE {WangPhysRevX2016,
    author = {Zhe Wang and Dong-Keun Ki and Jun Yong Khoo and Diego Mauro and Helmuth Berger and Leonid S. Levitov and Alberto F. Morpurgo},
    title = {Origin and Magnitude of 'Designer' Spin-Orbit Interaction in Graphene on Semiconducting Transition Metal Dichalcogenides},
    journal = {Phys. Rev. X},
    year = {2016},
    volume = {6},
    pages = {041020}
}

@ARTICLE {LiuNano2023,
    author = {Liu, Hui and Wang, Heng and Peng, Zhisheng and Jin, Jiyou and Wang, Zhongpu and Peng, Kang and Wang, Wenxiang and Xu, Yushi and Wang, Yu and Wei, Zheng and Zhang, Ding and Li, Yong Jun and Chu, Weiguo and Sun, Lianfeng},
    title = {An anomalous Hall effect in edge-bonded monolayer graphene},
    journal = {Nanoscale Horiz.},
    year = {2023},
    volume = {8},
    pages = {1235-1242}
}

@ARTICLE {YaoMater2024,
    author = {Yao, Yueh-Ting and Xu, Su-Yang and Chang, Tay-Rong},
    title = {Atomic scale quantum anomalous hall effect in monolayer graphene/MnBi2Te4 heterostructure},
    journal = {Mater. Horiz.},
    year = {2024},
    volume = {11},
    pages = {3420-3426}
}

@ARTICLE {Geimk2007,
    author  = "A. K. Geim and K. S. Novoselov",
    title   = "The rise of graphene",
    journal = "Nature Mater.",
    year    = "2007",
    volume  = "6",
    pages   = "183",
}

@ARTICLE {RDiago2010,
    author  = "R. Cuan and L. Diago-Cisneros",
    title   = "Dispersion dependiente del espin de paquetes de ondas de huecos en hilos cuanticos",
    journal = "Rev. Cub. Fís.",
    volume  = "27",
    pages   = "212",
    year    = "2010"
}

@ARTICLE {JAP2019,
    author = {Eduardo Serna and I. Rodríguez Vargas and R. Pérez-Álvarez and L. Diago-Cisneros},
    title = {Pseudospin-dependent Zitterbewegung in monolayer graphene},
    journal = {J. Appl. Phys.},
    year = {2019},
    volume = {125},
    pages = {203902}
}


@THESIS{WongUNAM2005,
    author = {Arturo Wong López},
    title = {Acoplamiento Espín-Órbita en Heteroestructuras Semiconductoras},
    school = {Universidad Nacional Autónoma de México},
    year = {2005}
}

@ARTICLE {MolgadoMex2018,
    author = {A. Molgado and O. Morales and J. A. Vallejo},
    title = {Virtual beams and the Klein paradox for the Klein-Gordon equation},
    journal = {Rev. Mex. Fis. E},
    year = {2018},
    volume = {64},
    pages = {1}
}

@ARTICLE {Name,
    author = {},
    title = {},
    journal = {},
    year = {},
    volume = {},
    pages = {}
}

